<record><leader>00000cas a2200000 a 4500</leader><controlfield tag="001">11517190</controlfield><controlfield tag="008">841220d18611864nyudr ne      0    0eng c</controlfield><datafield ind1=" " ind2=" " tag="010"><subfield code="a">sn 84035532 </subfield></datafield><datafield ind1=" " ind2=" " tag="040"><subfield code="a">NYG</subfield><subfield code="b">eng</subfield><subfield code="c">NYG</subfield><subfield code="d">NPX</subfield><subfield code="d">DLC</subfield><subfield code="d">NYS</subfield><subfield code="d">NVK</subfield><subfield code="d">OCL</subfield><subfield code="d">CVF</subfield><subfield code="d">DLC</subfield><subfield code="d">OCLCQ</subfield><subfield code="d">OCLCF</subfield><subfield code="d">OCLCO</subfield></datafield><datafield ind1=" " ind2=" " tag="042"><subfield code="a">pcc</subfield></datafield><datafield ind1=" " ind2=" " tag="043"><subfield code="a">n-us-ny</subfield></datafield><datafield ind1="0" ind2="0" tag="050"><subfield code="a">Newspaper 9115</subfield></datafield><datafield ind1="0" ind2=" " tag="130"><subfield code="a">Rochester daily Democrat and American (Rochester, N.Y. : 1861)</subfield></datafield><datafield ind1="1" ind2="0" tag="245"><subfield code="a">Rochester daily Democrat and American.</subfield></datafield><datafield ind1="1" ind2="3" tag="246"><subfield code="a">Democrat &amp; American</subfield></datafield><datafield ind1="1" ind2="3" tag="246"><subfield code="a">Rochester Democrat</subfield></datafield><datafield ind1="1" ind2="3" tag="246"><subfield code="a">Rochester daily American and Democrat</subfield></datafield><datafield ind1="1" ind2="3" tag="246"><subfield code="a">Daily Democrat &amp; American</subfield></datafield><datafield ind1="3" ind2=" " tag="246"><subfield code="a">Democrat and American</subfield></datafield><datafield ind1=" " ind2=" " tag="260"><subfield code="a">Rochester, N.Y. :</subfield><subfield code="b">Alvah Strong, S.P. Allen, E.T. Huntington,</subfield><subfield code="c">1861-1864.</subfield></datafield><datafield ind1=" " ind2=" " tag="300"><subfield code="a">4 v. :</subfield><subfield code="b">ill. (chiefly advertisements) ;</subfield><subfield code="c">67 cm.</subfield></datafield><datafield ind1=" " ind2=" " tag="310"><subfield code="a">Daily</subfield></datafield><datafield ind1="0" ind2=" " tag="362"><subfield code="a">Vol. 29, no. 1 (Jan. 1, 1861)-v. 32, no. 76 (Mar. 31, 1864).</subfield></datafield><datafield ind1=" " ind2=" " tag="500"><subfield code="a">"Daily and American" appears within title ornament, &lt;1863&gt;.</subfield></datafield><datafield ind1=" " ind2=" " tag="500"><subfield code="a">Publisher: A. Strong &amp; Co., &lt;1863&gt;.</subfield></datafield><datafield ind1=" " ind2=" " tag="500"><subfield code="a">"Union."</subfield></datafield><datafield ind1=" " ind2=" " tag="530"><subfield code="a">Also issued on microfilm from Bell &amp; Howell.</subfield></datafield><datafield ind1=" " ind2="0" tag="651"><subfield code="a">Rochester (N.Y.)</subfield><subfield code="v">Newspapers.</subfield></datafield><datafield ind1=" " ind2="7" tag="655"><subfield code="a">Newspapers.</subfield><subfield code="2">fast</subfield><subfield code="0">(OCoLC)fst01423814</subfield></datafield><datafield ind1=" " ind2="7" tag="651"><subfield code="a">New York (State)</subfield><subfield code="z">Rochester.</subfield><subfield code="2">fast</subfield><subfield code="0">(OCoLC)fst01204680</subfield></datafield><datafield ind1=" " ind2=" " tag="752"><subfield code="a">United States</subfield><subfield code="b">New York</subfield><subfield code="c">Monroe</subfield><subfield code="d">Rochester.</subfield></datafield><datafield ind1="0" ind2=" " tag="775"><subfield code="t">Rochester Democrat (Rochester, N.Y. : Semiweekly)</subfield><subfield code="w">(DLC)sn 85025977</subfield></datafield><datafield ind1="0" ind2=" " tag="775"><subfield code="t">Monroe weekly Democrat and American</subfield><subfield code="w">(DLC)sn 84026545</subfield></datafield><datafield ind1="0" ind2="0" tag="780"><subfield code="t">Rochester Democrat and American</subfield><subfield code="w">(DLC)sn 84035531</subfield></datafield><datafield ind1="0" ind2="0" tag="785"><subfield code="t">Rochester daily Democrat (Rochester, N.Y. : 1864)</subfield><subfield code="w">(DLC)sn 84035533</subfield></datafield></record>